Date,Description,Debit,Credit,Balance
2024-01-10,Salary Payment,,2000.00,2000.00
2024-01-11,Grocery Store Purchase,85.50,,1914.50
2024-01-12,Gas Station,42.00,,1872.50
2024-01-13,Restaurant,55.75,,1816.75
2024-01-14,Utility Bill,95.00,,1721.75
2024-01-15,Amazon Purchase,120.00,,1601.75
2024-01-16,Pharmacy,28.50,,1573.25
2024-01-17,Coffee Shop,6.25,,1567.00
2024-01-18,Transfer Out,300.00,,1267.00
2024-01-19,Grocery Store,72.30,,1194.70
2024-01-20,Netflix Subscription,15.99,,1178.71

